{
  "leader": "03058cam a2200481 a 4500",
  "fields": [
    {
      "001": "ocm21594678\\"
    },
    {
      "003": "OCoLC"
    },
    {
      "005": "20220106114955.0"
    },
    {
      "008": "900509s1989\\\\\\\\cau\\\\\\\\\\\\b\\\\\\\\101\\0\\eng\\\\"
    },
    {
      "010": {
        "ind1": "\\",
        "ind2": "\\",
        "subfields": [
          {
            "a": "   90039111 "
          }
        ]
      }
    },
    {
      "040": {
        "ind1": "\\",
        "ind2": "\\",
        "subfields": [
          {
            "a": "DLC"
          },
          {
            "b": "eng"
          },
          {
            "c": "DLC"
          },
          {
            "d": "BAKER"
          },
          {
            "d": "BTCTA"
          },
          {
            "d": "YDXCP"
          },
          {
            "d": "GEBAY"
          },
          {
            "d": "BDX"
          },
          {
            "d": "EUM"
          },
          {
            "d": "GBVCP"
          },
          {
            "d": "OCLCF"
          },
          {
            "d": "OCLCQ"
          },
          {
            "d": "VVC"
          },
          {
            "d": "IRCJS"
          },
          {
            "d": "OCLCO"
          },
          {
            "d": "BUF"
          },
          {
            "d": "OCLCQ"
          },
          {
            "d": "SNN"
          },
          {
            "d": "OCLCQ"
          },
          {
            "d": "OCLCA"
          },
          {
            "d": "L2U"
          },
          {
            "d": "OCLCO"
          }
        ]
      }
    },
    {
      "066": {
        "ind1": "\\",
        "ind2": "\\",
        "subfields": [
          {
            "c": "{dollar}1"
          }
        ]
      }
    },
    {
      "019": {
        "ind1": "\\",
        "ind2": "\\",
        "subfields": [
          {
            "a": "123090891"
          }
        ]
      }
    },
    {
      "020": {
        "ind1": "\\",
        "ind2": "\\",
        "subfields": [
          {
            "a": "0895818701"
          }
        ]
      }
    },
    {
      "020": {
        "ind1": "\\",
        "ind2": "\\",
        "subfields": [
          {
            "a": "9780895818706"
          }
        ]
      }
    },
    {
      "020": {
        "ind1": "\\",
        "ind2": "\\",
        "subfields": [
          {
            "a": "089581871X"
          },
          {
            "q": "(pbk.)"
          }
        ]
      }
    },
    {
      "020": {
        "ind1": "\\",
        "ind2": "\\",
        "subfields": [
          {
            "a": "9780895818713"
          },
          {
            "q": "(pbk.)"
          }
        ]
      }
    },
    {
      "035": {
        "ind1": "\\",
        "ind2": "\\",
        "subfields": [
          {
            "a": "(OCoLC)21594678"
          },
          {
            "z": "(OCoLC)123090891"
          }
        ]
      }
    },
    {
      "050": {
        "ind1": "0",
        "ind2": "0",
        "subfields": [
          {
            "a": "B5244.N554"
          },
          {
            "b": "R44 1989"
          }
        ]
      }
    },
    {
      "082": {
        "ind1": "0",
        "ind2": "4",
        "subfields": [
          {
            "a": "181.12"
          },
          {
            "b": "REL"
          }
        ]
      }
    },
    {
      "245": {
        "ind1": "0",
        "ind2": "4",
        "subfields": [
          {
            "a": "The religious philosophy of Nishitani Keiji :"
          },
          {
            "b": "encounter with emptiness /"
          },
          {
            "c": "edited by Taitetsu Unno."
          }
        ]
      }
    },
    {
      "260": {
        "ind1": "\\",
        "ind2": "\\",
        "subfields": [
          {
            "a": "Berkeley, California :"
          },
          {
            "b": "Asian Humanities Press,"
          },
          {
            "c": "\u00a91989."
          }
        ]
      }
    },
    {
      "300": {
        "ind1": "\\",
        "ind2": "\\",
        "subfields": [
          {
            "a": "xiv, 350 pages ;"
          },
          {
            "c": "24 cm."
          }
        ]
      }
    },
    {
      "336": {
        "ind1": "\\",
        "ind2": "\\",
        "subfields": [
          {
            "a": "text"
          },
          {
            "b": "txt"
          },
          {
            "2": "rdacontent"
          }
        ]
      }
    },
    {
      "337": {
        "ind1": "\\",
        "ind2": "\\",
        "subfields": [
          {
            "a": "unmediated"
          },
          {
            "b": "n"
          },
          {
            "2": "rdamedia"
          }
        ]
      }
    },
    {
      "338": {
        "ind1": "\\",
        "ind2": "\\",
        "subfields": [
          {
            "a": "volume"
          },
          {
            "b": "nc"
          },
          {
            "2": "rdacarrier"
          }
        ]
      }
    },
    {
      "490": {
        "ind1": "1",
        "ind2": "\\",
        "subfields": [
          {
            "a": "Nanzan studies in religion and culture"
          }
        ]
      }
    },
    {
      "500": {
        "ind1": "\\",
        "ind2": "\\",
        "subfields": [
          {
            "a": "\"Based on an international conference held at Smith College in April of 1984\"--Jacket."
          }
        ]
      }
    },
    {
      "504": {
        "ind1": "\\",
        "ind2": "\\",
        "subfields": [
          {
            "a": "Includes bibliographical references and index."
          }
        ]
      }
    },
    {
      "505": {
        "ind1": "0",
        "ind2": "\\",
        "subfields": [
          {
            "a": "Encounter with emptiness / Nishitani Keiji -- Translating Shu\u0304kyo\u0304 to wa nani ka into Religion and nothingness / Jan van Bragt -- Nishitani's challenge to Western philosophy and theology / Masao Abe -- Nishitani Keiji's Religion and nothingness / Langdon Gilkey -- Emptiness and God / Thomas J.J. Altizer -- God and emptiness: an experimental essay / Gordon D. Kaufman -- The conflict of science and religion in dynamic S\u0301unyata\u0304 / Cora-Jean Eaton Robinson -- Beyond science and technology to absolute emptiness / Sten H. Stenson -- Nishitani and the inner science of Buddhism / Robert A.F. Thurman -- The problem of ethics in Nishitani's Religion and nothingness / David Little -- S\u0301unyata\u0304, ethics, and authentic interconnectedness / Elizabeth Gallu -- Nishitani and John Dewey's naturalistic humanism / Steven Rockefeller -- Whence and whither: philosophical reflections on Nishitani's view of history / Thomas P. Kasulis -- Will, S\u0301unyata\u0304 and history / Masao Abe -- Emptiness and reality in Maha\u0304ya\u0304na Buddhism / Taitetsu Unno -- Compassion and emptiness / Anne C. Klein."
          }
        ]
      }
    },
    {
      "600": {
        "ind1": "1",
        "ind2": "0",
        "subfields": [
          {
            "a": "Nishitani, Keiji,"
          },
          {
            "d": "1900-1990"
          },
          {
            "v": "Congresses."
          }
        ]
      }
    },
    {
      "650": {
        "ind1": "\\",
        "ind2": "0",
        "subfields": [
          {
            "a": "Sunyata"
          },
          {
            "v": "Congresses."
          }
        ]
      }
    },
    {
      "600": {
        "ind1": "1",
        "ind2": "7",
        "subfields": [
          {
            "a": "Nishitani, Keiji,"
          },
          {
            "d": "1900-1990."
          },
          {
            "2": "fast"
          },
          {
            "0": "(OCoLC)fst01447667"
          }
        ]
      }
    },
    {
      "650": {
        "ind1": "\\",
        "ind2": "7",
        "subfields": [
          {
            "a": "Sunyata."
          },
          {
            "2": "fast"
          },
          {
            "0": "(OCoLC)fst01138749"
          }
        ]
      }
    },
    {
      "655": {
        "ind1": "\\",
        "ind2": "7",
        "subfields": [
          {
            "a": "Conference papers and proceedings."
          },
          {
            "2": "fast"
          },
          {
            "0": "(OCoLC)fst01423772"
          }
        ]
      }
    },
    {
      "700": {
        "ind1": "1",
        "ind2": "\\",
        "subfields": [
          {
            "6": "880-02"
          },
          {
            "a": "Unno, Taitetsu,"
          },
          {
            "d": "1929-"
          }
        ]
      }
    },
    {
      "776": {
        "ind1": "0",
        "ind2": "8",
        "subfields": [
          {
            "i": "Online version:"
          },
          {
            "t": "Religious philosophy of Nishitani Keiji."
          },
          {
            "d": "Berkeley, Calif. : Asian Humanities Press, \u00a91989"
          },
          {
            "w": "(OCoLC)608421496"
          }
        ]
      }
    },
    {
      "830": {
        "ind1": "\\",
        "ind2": "0",
        "subfields": [
          {
            "a": "Nanzan studies in religion and culture."
          }
        ]
      }
    },
    {
      "880": {
        "ind1": "1",
        "ind2": "7",
        "subfields": [
          {
            "6": "600-01/{dollar}1"
          },
          {
            "a": "\u897f\u8c37, \u5553\u6cbb(1900-1990)"
          },
          {
            "2": "ndlsh"
          }
        ]
      }
    },
    {
      "880": {
        "ind1": "1",
        "ind2": "\\",
        "subfields": [
          {
            "6": "700-02/{dollar}1"
          },
          {
            "a": "\u6d77\u91ce, \u5927\u5fb9(1929- )"
          }
        ]
      }
    },
    {
      "994": {
        "ind1": "\\",
        "ind2": "\\",
        "subfields": [
          {
            "a": "Z0"
          },
          {
            "b": "NYRVC"
          }
        ]
      }
    },
    {
      "948": {
        "ind1": "\\",
        "ind2": "\\",
        "subfields": [
          {
            "h": "NO HOLDINGS IN NYRVC - 200 OTHER HOLDINGS"
          }
        ]
      }
    },
    {
      "999": {
        "ind1": "\\",
        "ind2": "\\",
        "subfields": [
          {
            "a": "00000000016510"
          }
        ]
      }
    }
  ]
}